@misc{planningReleaseScrum,
    author    = "Author nicht erwähnt",
    title     = "Scrum Release Planning",
    howpublished  = "\url{https://www.scrum-institute.org/Release_Planning.php}"
}


@misc{planningReleaseDad,
	author    = "Mark Lines, Scott Ambler",
	title     = "Rolling wave release planning for agile delivery teams",
	howpublished       = "\url{http://disciplinedagiledelivery.com/rolling-wave-release-planning}"
}

@misc{planningPrioScrum,
	author    = "Author nicht erwähnt",
	title     = "Ordered not Prioritized",
	howpublished       = "\url{https://www.scrum.org/resources/ordered-not-prioritized}"
}

@misc{planningPrioDad,
	author    = "Scott Ambler",
	title     = "Agile Core Practice: Prioritized Requirements",
	howpublished       = "\url{http://agilemodeling.com/essays/prioritizedRequirements.htm}"
}

@misc{agileLifecycle,
	author = Scott Ambler",
	title ="System Development Life Cycle (SDLC)",
	howpublished	="\url{http://www.ambysoft.com/essays/agileLifecycle.html}"
}

@misc{dadRoles,
	author = "Mark Lines, Scott Ambler",
	title ="Roles on DAD Teams",
	howpublished	="\url{https://disciplinedagiledelivery.com/roles-on-dad-teams/}"
}

@misc{scrumRoles,
	author = "agilevelocity",
	title ="Scrum Roles Q\&A Recap and Recording",
	howpublished	="\url{https://agilevelocity.com/webinar/agile-roles-webinar-recap/}"
}

@misc{planningScopeDad,
	author    = "Scott Ambler",
	title     = "DAD Lifecycle - Agile (Scrum based)",
	howpublished     = "\url{http://disciplinedagiledelivery.com/lifecycle/agile-lifecycle/}"
}

@misc{lifecycleDAD,
author="Mark Lines, Scott Ambler",
title="Full Delivery Lifecycles",
howpublished ="\url{https://disciplinedagiledelivery.com/lifecycle/}"
	
}

@misc{dadHandbook,
	author="Mark Lines, Scott Ambler",
	title="Book: Choose Your WoW!",
	howpublished ="\url{https://disciplinedagiledelivery.com/dad-handbook/}"
}

@misc{dadHybrid,
	author="Mark Lines, Scott Ambler",
	title="A Hybrid Toolkit",
	howpublished ="\url{https://disciplinedagiledelivery.com/hybridframework/}"
}